<record><leader>00000cas a22000007a 4500</leader><controlfield tag="001">12412580</controlfield><controlfield tag="008">850822d185918uunyudn ne      0    0eng d</controlfield><datafield ind1=" " ind2=" " tag="010"><subfield code="a">sn 85026719 </subfield></datafield><datafield ind1=" " ind2=" " tag="040"><subfield code="a">NPX</subfield><subfield code="b">eng</subfield><subfield code="c">NPX</subfield><subfield code="d">NYS</subfield><subfield code="d">OCL</subfield><subfield code="d">OCLCQ</subfield><subfield code="d">OCLCF</subfield><subfield code="d">OCLCO</subfield></datafield><datafield ind1=" " ind2=" " tag="042"><subfield code="a">msc</subfield></datafield><datafield ind1=" " ind2=" " tag="043"><subfield code="a">n-us-ny</subfield></datafield><datafield ind1="0" ind2="0" tag="245"><subfield code="a">Kingston daily chronicle.</subfield></datafield><datafield ind1=" " ind2=" " tag="260"><subfield code="a">Kingston, N.Y. :</subfield><subfield code="b">S.R. Harlow,</subfield><subfield code="c">1859-</subfield></datafield><datafield ind1=" " ind2=" " tag="300"><subfield code="a">v.</subfield></datafield><datafield ind1=" " ind2=" " tag="310"><subfield code="a">Daily (except Sunday)</subfield></datafield><datafield ind1="1" ind2=" " tag="362"><subfield code="a">Vol. 1, no. 1 (Apr. 25, 1859)-</subfield></datafield><datafield ind1=" " ind2=" " tag="500"><subfield code="a">Editor: S. Ralph Harlow, &lt;1859&gt;.</subfield></datafield><datafield ind1=" " ind2=" " tag="580"><subfield code="a">Weekly ed.: Ulster Democrat.</subfield></datafield><datafield ind1=" " ind2=" " tag="588"><subfield code="a">Latest issue consulted: Dec. 31, 1859.</subfield></datafield><datafield ind1=" " ind2="0" tag="651"><subfield code="a">Kingston (N.Y.)</subfield><subfield code="v">Newspapers.</subfield></datafield><datafield ind1=" " ind2="7" tag="655"><subfield code="a">Newspapers.</subfield><subfield code="2">fast</subfield><subfield code="0">(OCoLC)fst01423814</subfield></datafield><datafield ind1=" " ind2="7" tag="651"><subfield code="a">New York (State)</subfield><subfield code="z">Kingston.</subfield><subfield code="2">fast</subfield><subfield code="0">(OCoLC)fst01208819</subfield></datafield><datafield ind1=" " ind2=" " tag="752"><subfield code="a">United States</subfield><subfield code="b">New York</subfield><subfield code="c">Ulster</subfield><subfield code="d">Kingston.</subfield></datafield><datafield ind1="1" ind2=" " tag="775"><subfield code="t">Ulster Democrat</subfield><subfield code="w">(DLC)sn 83031179</subfield><subfield code="w">(OCoLC)9814148</subfield></datafield></record>